@misc{1,
author = {Normalbreathing.com},
title = {Normal Respiratory Frequency and Ideal Breathing},
howpublished = {},
note = {\url{https://www.normalbreathing.com/rate/}}
}




